@incollection{box-quote,
  title={Robustness in the strategy of scientific model building},
  author={Box, George EP},
  booktitle={Robustness in statistics},
  pages={201--236},
  year={1979},
  publisher={Elsevier}
}

@book{particle-filter,
    title={Sequential Monte Carlo Methods in Practice},
    author={Doucet, A. and Smith, A. and de Freitas, N. and Gordon, N.},
    isbn={9780387951461},
    lccn={00047093},
    series={Information Science and Statistics},
    url={https://books.google.cz/books?id=uxX-koqKtMMC},
    year={2001},
    publisher={Springer New York}
}

@book{bayes,
    title={The Bayesian choice: from decision-theoretic foundations to computational implementation},
    author={Robert, Christian},
    year={2007},
    publisher={Springer Science \& Business Media}
}

@article{abc-old-old,
    title={Bayesianly justifiable and relevant frequency calculations for the applied statistician},
    author={Rubin, Donald B and others},
    journal={The Annals of Statistics},
    volume={12},
    number={4},
    pages={1151--1172},
    year={1984},
    publisher={Institute of Mathematical Statistics}
}

@article{abc-old,
    title={Population growth of human Y chromosomes: a study of Y chromosome microsatellites.},
    author={Pritchard, Jonathan K and Seielstad, Mark T and Perez-Lezaun, Anna and Feldman, Marcus W},
    journal={Molecular biology and evolution},
    volume={16},
    number={12},
    pages={1791--1798},
    year={1999},
    publisher={Oxford University Press}
}

@article{abc-recent,
    title={Approximate Bayesian computational methods},
    author={Marin, Jean-Michel and Pudlo, Pierre and Robert, Christian P and Ryder, Robin J},
    journal={Statistics and Computing},
    volume={22},
    number={6},
    pages={1167--1180},
    year={2012},
    publisher={Springer}
}
